<record xmlns='http://www.loc.gov/MARC21/slim'><leader>01369cim a22003372u 4500</leader><controlfield tag='001'>3601137</controlfield><controlfield tag='005'>20151214182806.0</controlfield><controlfield tag='007'>ss|lmnjluz|nuu</controlfield><controlfield tag='008'>991101s1984    nyunnn         l    eng d</controlfield><datafield ind1=' ' ind2=' ' tag='035'><subfield code='a'>(NIC)notisASF8202</subfield></datafield><datafield ind1=' ' ind2=' ' tag='035'><subfield code='a'>3601137</subfield></datafield><datafield ind1=' ' ind2=' ' tag='035'><subfield code='a'>(OCoLC)63897112</subfield></datafield><datafield ind1=' ' ind2=' ' tag='040'><subfield code='a'>NIC</subfield><subfield code='c'>NIC</subfield><subfield code='d'>NIC</subfield><subfield code='d'>NIC</subfield></datafield><datafield ind1='1' ind2=' ' tag='100'><subfield code='a'>Pempel, Alice McDowell.</subfield></datafield><datafield ind1='1' ind2='0' tag='245'><subfield code='a'>Spirituality, femininity, and world community</subfield><subfield code='h'>[sound recording]</subfield></datafield><datafield ind1=' ' ind2=' ' tag='260'><subfield code='c'>1984.</subfield></datafield><datafield ind1=' ' ind2=' ' tag='300'><subfield code='a'>1 sound cassette (65 min.) :</subfield><subfield code='b'>analog, mono.</subfield></datafield><datafield ind1=' ' ind2=' ' tag='500'><subfield code='a'>Recorded in Ithaca, NY by Cornell University.</subfield></datafield><datafield ind1=' ' ind2=' ' tag='500'><subfield code='a'>Sponsored by: Center for World Community,Interreligious International Ministries Committee (IRIM).</subfield></datafield><datafield ind1=' ' ind2=' ' tag='518'><subfield code='a'>Lecture, October 3, 1984.</subfield></datafield><datafield ind1=' ' ind2=' ' tag='520'><subfield code='a'>Pempel discusses yin and yang, or feminine and masculine characteristics, and the need for more yin in our society. She asserts that we must begin to concentrate more on being than on doing and to make time for solitude.</subfield></datafield><datafield ind1=' ' ind2='0' tag='650'><subfield code='a'>Yin-yang.</subfield></datafield><datafield ind1=' ' ind2='0' tag='650'><subfield code='a'>Spiritual life.</subfield></datafield><datafield ind1=' ' ind2='0' tag='650'><subfield code='a'>Femininity (Philosophy)</subfield></datafield><datafield ind1=' ' ind2='7' tag='650'><subfield code='a'>Femininity (Philosophy)</subfield><subfield code='2'>fast</subfield><subfield code='0'>(OCoLC)fst00922662</subfield></datafield><datafield ind1=' ' ind2='7' tag='650'><subfield code='a'>Spiritual life</subfield><subfield code='2'>fast</subfield><subfield code='0'>(OCoLC)fst01130100</subfield></datafield><datafield ind1=' ' ind2='7' tag='650'><subfield code='a'>Yin-yang</subfield><subfield code='2'>fast</subfield><subfield code='0'>(OCoLC)fst01182853</subfield></datafield><datafield ind1=' ' ind2='0' tag='830'><subfield code='a'>America and the world community.</subfield></datafield><datafield ind1='1' ind2=' ' tag='899'><subfield code='a'>CULectures</subfield></datafield><datafield ind1=' ' ind2=' ' tag='905'><subfield code='a'>20000331120000.0</subfield></datafield><datafield ind1='2' ind2=' ' tag='948'><subfield code='a'>20141221</subfield><subfield code='b'>m</subfield><subfield code='d'>batch</subfield><subfield code='e'>lts</subfield><subfield code='x'>addfast</subfield></datafield></record>